@book{dowek,
  title={Les m{\'e}tamorphoses du calcul: une {\'e}tonnante histoire de math{\'e}matiques},
  author={Dowek, G.},
  isbn={9782746503243},
  url={https://books.google.fr/books?id=9WBqGQAACAAJ},
  year={2007},
  publisher={Le Pommier}
}
